<record><leader>00000cas a2200000 i 4500</leader><controlfield tag="001">857585489</controlfield><controlfield tag="006">m     o  d        </controlfield><controlfield tag="007">cr |||||||||||</controlfield><controlfield tag="008">130904d19uu1918orudn neo     0   a0eng  </controlfield><datafield ind1=" " ind2=" " tag="010"><subfield code="a">  2013218952</subfield></datafield><datafield ind1=" " ind2=" " tag="040"><subfield code="a">DLC</subfield><subfield code="b">eng</subfield><subfield code="e">rda</subfield><subfield code="c">DLC</subfield><subfield code="d">DLC</subfield><subfield code="d">OCLCF</subfield><subfield code="d">DLC</subfield></datafield><datafield ind1="0" ind2=" " tag="022"><subfield code="a">2330-8354</subfield><subfield code="2">1</subfield></datafield><datafield ind1="1" ind2=" " tag="029"><subfield code="a">NZ1</subfield><subfield code="b">15956199</subfield></datafield><datafield ind1=" " ind2=" " tag="042"><subfield code="a">pcc</subfield><subfield code="a">nsdp</subfield></datafield><datafield ind1=" " ind2=" " tag="043"><subfield code="a">n-us-or</subfield></datafield><datafield ind1="1" ind2="0" tag="050"><subfield code="a">ISSN RECORD</subfield></datafield><datafield ind1="0" ind2="0" tag="082"><subfield code="a">071</subfield><subfield code="2">23</subfield></datafield><datafield ind1="0" ind2=" " tag="130"><subfield code="a">Rogue River courier (Daily : Online)</subfield></datafield><datafield ind1=" " ind2="0" tag="222"><subfield code="a">Rogue River courier</subfield><subfield code="b">(Daily. Online)</subfield></datafield><datafield ind1="1" ind2="0" tag="245"><subfield code="a">Rogue River courier.</subfield></datafield><datafield ind1="1" ind2="3" tag="246"><subfield code="a">Daily Rogue River courier</subfield></datafield><datafield ind1=" " ind2="1" tag="264"><subfield code="a">Grants Pass, Josephine County, Oregon :</subfield><subfield code="b">A. E. Voorhies,</subfield><subfield code="c">-1918.</subfield></datafield><datafield ind1=" " ind2=" " tag="300"><subfield code="a">1 online resource</subfield></datafield><datafield ind1=" " ind2=" " tag="310"><subfield code="a">Daily (except Sun.)</subfield></datafield><datafield ind1=" " ind2=" " tag="336"><subfield code="a">text</subfield><subfield code="b">txt</subfield><subfield code="2">rdacontent</subfield></datafield><datafield ind1=" " ind2=" " tag="337"><subfield code="a">computer</subfield><subfield code="b">c</subfield><subfield code="2">rdamedia</subfield></datafield><datafield ind1=" " ind2=" " tag="338"><subfield code="a">online resource</subfield><subfield code="b">cr</subfield><subfield code="2">rdacarrier</subfield></datafield><datafield ind1="1" ind2=" " tag="362"><subfield code="a">Ceased with vol. IX, no. 82, whole number 2553 (December 31, 1918).</subfield></datafield><datafield ind1=" " ind2=" " tag="580"><subfield code="a">Weekly ed.: Rogue River courier, 1913-1918.</subfield></datafield><datafield ind1=" " ind2=" " tag="588"><subfield code="a">Description based on: Vol. III, no. 109 (May 9, 1913); title from masthead (Chroniclingamerica.loc.gov, viewed September 4, 2013).</subfield></datafield><datafield ind1=" " ind2=" " tag="588"><subfield code="a">Latest issue consulted: Vol. IX, no. 82, whole number 2553 (December 31, 1918) (Chroniclingamerica.loc.gov, viewed September 4, 2013).</subfield></datafield><datafield ind1=" " ind2="0" tag="651"><subfield code="a">Grants Pass (Or.)</subfield><subfield code="v">Newspapers.</subfield></datafield><datafield ind1=" " ind2="0" tag="651"><subfield code="a">Josephine County (Or.)</subfield><subfield code="v">Newspapers.</subfield></datafield><datafield ind1=" " ind2="7" tag="651"><subfield code="a">Oregon</subfield><subfield code="z">Grants Pass.</subfield><subfield code="2">fast</subfield><subfield code="0">(OCoLC)fst01213784</subfield></datafield><datafield ind1=" " ind2="7" tag="651"><subfield code="a">Oregon</subfield><subfield code="z">Josephine County.</subfield><subfield code="2">fast</subfield><subfield code="0">(OCoLC)fst01210318</subfield></datafield><datafield ind1=" " ind2="7" tag="655"><subfield code="a">Newspapers.</subfield><subfield code="2">fast</subfield><subfield code="0">(OCoLC)fst01423814</subfield></datafield><datafield ind1=" " ind2=" " tag="752"><subfield code="a">United States</subfield><subfield code="b">Oregon</subfield><subfield code="c">Josephine</subfield><subfield code="d">Grants Pass.</subfield></datafield><datafield ind1="1" ind2=" " tag="775"><subfield code="t">Rogue River courier (Online)</subfield><subfield code="x">2330-8389</subfield><subfield code="w">(DLC)  2013218953</subfield><subfield code="w">(OCoLC)857586075</subfield></datafield><datafield ind1="0" ind2="8" tag="776"><subfield code="i">Originally issued in print:</subfield><subfield code="t">Rogue River courier (Daily)</subfield><subfield code="x">2330-8346</subfield><subfield code="w">(DLC)sn 96088180</subfield><subfield code="w">(OCoLC)37297273</subfield></datafield><datafield ind1="0" ind2="0" tag="785"><subfield code="t">Grants Pass daily courier (Online)</subfield><subfield code="x">2375-1835</subfield><subfield code="w">(DLC)  2014218613</subfield><subfield code="w">(OCoLC)891725574</subfield></datafield><datafield ind1="4" ind2="0" tag="856"><subfield code="u">http://chroniclingamerica.loc.gov/lccn/sn96088180/issues</subfield></datafield></record>